<?xml version="1.0" encoding="UTF-8"?><collection xmlns="http://www.loc.gov/MARC21/slim"><record><leader>00570nam--2200217-u-4500</leader><controlfield tag="001">000055797</controlfield><controlfield tag="002">20161230</controlfield><controlfield tag="005">20170201083341</controlfield><controlfield tag="008">130620s1000------------r-----000-0-rum-d</controlfield><datafield ind1=" " ind2=" " tag="020"><subfield code="a">9739937241</subfield></datafield><datafield ind1=" " ind2=" " tag="040"><subfield code="a">IFIN-HH</subfield></datafield><datafield ind1=" " ind2=" " tag="041"><subfield code="a">rum</subfield></datafield><datafield ind1=" " ind2=" " tag="080"><subfield code="a">614.8</subfield></datafield><datafield ind1="1" ind2=" " tag="100"><subfield code="a">Mateescu, Silvia</subfield></datafield><datafield ind1="1" ind2="0" tag="245"><subfield code="a">Protectia biologica contra radiatiilor nucleare</subfield><subfield code="c">Silvia Mateescu, Marcela Stanciu</subfield></datafield><datafield ind1=" " ind2=" " tag="260"><subfield code="a">Bucuresti</subfield><subfield code="b">Editura Democratia</subfield><subfield code="c">2001</subfield></datafield><datafield ind1=" " ind2=" " tag="300"><subfield code="a">373P</subfield></datafield><datafield ind1=" " ind2=" " tag="500"><subfield code="a">Donatie</subfield></datafield><datafield ind1="1" ind2=" " tag="700"><subfield code="a">Stanciu, Marcela</subfield></datafield><datafield ind1=" " ind2=" " tag="852"><subfield code="a">81340</subfield><subfield code="c">614.8</subfield></datafield><datafield ind1=" " ind2=" " tag="CAT"><subfield code="a">SYS</subfield><subfield code="c">20170201</subfield><subfield code="h">083341</subfield></datafield></record></collection>